
@misc{noauthor_notitle_nodate
}

@misc{noauthor_linus_nodate,
	title = {Linus {Norton}},
	url = {https://www.linusnorton.co.uk/},
	urldate = {2017-12-13},
	file = {Linus Norton:C\:\\Users\\flavi\\Zotero\\storage\\VD6TX6LE\\www.linusnorton.co.uk.html:text/html}
}

@misc{noauthor_assertis_nodate,
	title = {Assertis - {Rail} ticketing for {Online}. {Mobile}. {Digital}.},
	url = {https://assertis.co.uk/},
	urldate = {2017-12-13},
	file = {Assertis - Rail ticketing for Online. Mobile. Digital.:C\:\\Users\\flavi\\Zotero\\storage\\97R29G9I\\assertis.co.uk.html:text/html}
}

@misc{noauthor_train_nodate,
	title = {Train {Tickets}},
	url = {http://traintickets.to/},
	urldate = {2017-12-18},
	file = {Train Tickets:C\:\\Users\\flavi\\Zotero\\storage\\QU4DF87Y\\traintickets.to.html:text/html}
}

@misc{noauthor_so_nodate,
	title = {So you want to build a journey planner},
	url = {http://ljn.io/posts/so-you-want-to-build-a-journey-planner/},
	urldate = {2017-12-18},
	file = {So you want to build a journey planner:C\:\\Users\\flavi\\Zotero\\storage\\PPFQZSIM\\so-you-want-to-build-a-journey-planner.html:text/html}
}

@misc{noauthor_journey-planner:_2017,
	title = {journey-planner: {GTFS} based journey planner},
	shorttitle = {journey-planner},
	url = {https://github.com/open-track/journey-planner},
	urldate = {2017-12-18},
	publisher = {Open Track},
	month = dec,
	year = {2017},
	note = {original-date: 2017-12-11T18:36:53Z},
	file = {Snapshot:C\:\\Users\\flavi\\Zotero\\storage\\AZKAWVIT\\journey-planner.html:text/html}
}

@misc{noauthor_transfer-pattern-generator-scala:_2017,
	title = {transfer-pattern-generator-scala: {GTFS} {Transfer} {Pattern} {Generator}},
	shorttitle = {transfer-pattern-generator-scala},
	url = {https://github.com/open-track/transfer-pattern-generator-scala},
	urldate = {2017-12-18},
	publisher = {Open Track},
	month = jun,
	year = {2017},
	note = {original-date: 2016-11-20T20:37:26Z},
	file = {Snapshot:C\:\\Users\\flavi\\Zotero\\storage\\C2TFSPVU\\transfer-pattern-generator-scala.html:text/html}
}