
@misc{noauthor_notitle_nodate
}

@misc{noauthor_linus_nodate,
	title = {Linus {Norton}},
	url = {https://www.linusnorton.co.uk/},
	urldate = {2017-12-13},
	file = {Linus Norton:C\:\\Users\\flavi\\Zotero\\storage\\VD6TX6LE\\www.linusnorton.co.uk.html:text/html}
}


@misc{noauthor_so_nodate,
	title = {So you want to build a journey planner},
	url = {http://ljn.io/posts/so-you-want-to-build-a-journey-planner/},
	urldate = {2017-12-18},
	file = {So you want to build a journey planner:C\:\\Users\\flavi\\Zotero\\storage\\PPFQZSIM\\so-you-want-to-build-a-journey-planner.html:text/html}
}



@misc{noauthor_transfer-pattern-generator-scala:_2017,
	title = {transfer-pattern-generator-scala: {GTFS} {Transfer} {Pattern} {Generator}},
	shorttitle = {transfer-pattern-generator-scala},
	url = {https://github.com/open-track/transfer-pattern-generator-scala},
	urldate = {2017-12-18},
	publisher = {Open Track},
	month = jun,
	year = {2017},
	note = {original-date: 2016-11-20T20:37:26Z},
	file = {Snapshot:C\:\\Users\\flavi\\Zotero\\storage\\C2TFSPVU\\transfer-pattern-generator-scala.html:text/html}
}