@online{LinusNorton,
	title = {Linus Norton Personal Website},
	url = {https://www.linusnorton.co.uk/},
	urldate = {2017-12-13}
	
}