@online{gtfsInhalt,
	ALTauthor = {author},
	ALTeditor = {editor},
	title = {Google},
	date = {10.12.2017},
	url = {https://developers.google.com/transit/gtfs/reference/},
}
@online{gtfsbackground,
	ALTauthor = {author},
	ALTeditor = {editor},
	title = {Google},
	date = {10.12.2017},
	url = {http://gtfs.org/gtfs-background/},
}
@online{gtfs,
	ALTauthor = {author},
	ALTeditor = {editor},
	title = {GTFS-opentransportdata},
	date = {10.12.2017},
	url = {https://opentransportdata.swiss/de/cookbook/gtfs/},
}
@online{gtfsUebersicht,
	ALTauthor = {author},
	ALTeditor = {editor},
	title = {Transitwiki},
	date = {10.12.2017},
	url = {https://www.transitwiki.org/TransitWiki/images/f/ff/GTFS_data_model_diagram.PNG},
}
@online{gtfs-rt,
	ALTauthor = {author},
	ALTeditor = {editor},
	title = {GTFS-RT-opentransportdata},
	date = {11.12.2017},
	url = {https://opentransportdata.swiss/de/cookbook/gtfs-rt/},
}
@online{gtfs-rt-google,
	ALTauthor = {author},
	ALTeditor = {editor},
	title = {Google},
	date = {10.12.2017},
	url = {https://developers.google.com/transit/gtfs-realtime/guides/feed-entities},
}
@online{hrdfintogtfs,
	ALTauthor = {author},
	ALTeditor = {editor},
	title = {Konvertierung HAFAS-Rohdaten nach GTFS Dokumentation},
	date = {10.12.2017},
	url = {http://gtfs.geops.ch/doc/},
}
@online{haconUebersicht,
	ALTauthor = {author},
	ALTeditor = {editor},
	title = {HaCon},
	date = {10.12.2017},
	url = {http://www.hacon.de/hafas/daten},
}
@online{sbbexportschnitt,
	ALTauthor = {author},
	ALTeditor = {editor},
	title = {SBB Exportschnittstelle},
	date = {12.12.2017},
	url = {https://opentransportdata.swiss/content/uploads/2016/10/hrdf.pdf},
}
@online{opentransporthrdf,
	ALTauthor = {author},
	ALTeditor = {editor},
	title = {HRDF-opentransportdata},
	date = {12.12.2017},
	url = {https://opentransportdata.swiss/de/cookbook/hafas-rohdaten-format-hrdf/},
}
@online{didok,
	ALTauthor = {author},
	ALTeditor = {editor},
	title = {DiDok-opentransportdata},
	date = {12.12.2017},
	url = {https://opentransportdata.swiss/de/cookbook/didok/},
}
@online{geschaeftsorganisation,
	ALTauthor = {author},
	ALTeditor = {editor},
	title = {Geschäftsorganisation-opentransportdata},
	date = {12.12.2017},
	url = {https://opentransportdata.swiss/de/cookbook/geschaeftsorganisation/},
}
@online{geschaeftsorganisation-rt,
	ALTauthor = {author},
	ALTeditor = {editor},
	title = {Geschäftsorganisation-Realtime-opentransportdata},
	date = {12.12.2017},
	url = {https://opentransportdata.swiss/de/cookbook/go-realtime/},
}
@online{bahnhofsliste,
	ALTauthor = {author},
	ALTeditor = {editor},
	title = {Bahnhofsliste-opentransportdata},
	date = {13.12.2017},
	url = {https://opentransportdata.swiss/de/cookbook/bahnhofsliste/},
}
@online{istdaten,
	ALTauthor = {author},
	ALTeditor = {editor},
	title = {Ist-Daten-opentransportdata},
	date = {16.12.2017},
	url = {https://opentransportdata.swiss/de/cookbook/ist-daten/},
}
@online{abfahrts-ankunftsanzeiger,
	ALTauthor = {author},
	ALTeditor = {editor},
	title = {Abfahrts-/Ankunftsanzeiger-opentransportdata},
	date = {22.12.2017},
	url = {https://opentransportdata.swiss/de/cookbook/abfahrts-ankunftsanzeiger/},
}
@online{fahrtprognose,
	ALTauthor = {author},
	ALTeditor = {editor},
	title = {Fahrtprognose-opentransportdata},
	date = {22.12.2017},
	url = {https://opentransportdata.swiss/de/cookbook/fahrtprognose/},
}
@online{gahtaliste,
	ALTauthor = {author},
	ALTeditor = {editor},
	title = {GA-HTA-Liste-opentransportdata},
	date = {25.12.2017},
	url = {https://opentransportdata.swiss/de/dataset/ga-hta-liste1},
}

